<record><leader>00000cas a2200000 a 4500</leader><controlfield tag="001">32875198</controlfield><controlfield tag="007">hd bfu---baat</controlfield><controlfield tag="007">hd afu---bact</controlfield><controlfield tag="008">950726d18721944nbuwr nea     0    0eng d</controlfield><datafield ind1=" " ind2=" " tag="010"><subfield code="a">sn 95070143 </subfield></datafield><datafield ind1=" " ind2=" " tag="040"><subfield code="a">NVG</subfield><subfield code="b">eng</subfield><subfield code="c">NVG</subfield><subfield code="d">DLC</subfield><subfield code="d">OCLCQ</subfield><subfield code="d">OCLCF</subfield><subfield code="d">OCLCO</subfield><subfield code="d">OCLCQ</subfield></datafield><datafield ind1=" " ind2=" " tag="042"><subfield code="a">msc</subfield></datafield><datafield ind1=" " ind2=" " tag="043"><subfield code="a">n-us-nb</subfield></datafield><datafield ind1="0" ind2="0" tag="245"><subfield code="a">Pawnee Republican.</subfield></datafield><datafield ind1=" " ind2=" " tag="260"><subfield code="a">Pawnee City, Neb. :</subfield><subfield code="b">A.E. Hassler</subfield></datafield><datafield ind1=" " ind2=" " tag="300"><subfield code="a">volumes ;</subfield><subfield code="c">70 cm</subfield></datafield><datafield ind1=" " ind2=" " tag="310"><subfield code="a">Weekly</subfield></datafield><datafield ind1=" " ind2=" " tag="336"><subfield code="a">text</subfield><subfield code="b">txt</subfield><subfield code="2">rdacontent</subfield></datafield><datafield ind1=" " ind2=" " tag="337"><subfield code="a">microform</subfield><subfield code="b">h</subfield><subfield code="2">rdamedia</subfield></datafield><datafield ind1=" " ind2=" " tag="338"><subfield code="a">microfilm reel</subfield><subfield code="b">hd</subfield><subfield code="2">rdacarrier</subfield></datafield><datafield ind1="1" ind2=" " tag="362"><subfield code="a">Began with Dec. 8, 1872 issue.</subfield></datafield><datafield ind1="0" ind2=" " tag="362"><subfield code="a">-76th year, no. 35 (July 27, 1944).</subfield></datafield><datafield ind1=" " ind2=" " tag="515"><subfield code="a">Issues for &lt;Sept. 5, 1878-Dec. 1, 1881&gt; called also Tribune ser., v. 10, no. 34-v. 13, no. 40; issues for &lt;Dec. 21, 1882&gt;-July 27, 1944 called 15th year, no. 3-76th year, no. 35.</subfield></datafield><datafield ind1=" " ind2=" " tag="580"><subfield code="a">Daily ed.: Daily Republican (Pawnee City, Neb.), 1894.</subfield></datafield><datafield ind1=" " ind2=" " tag="580"><subfield code="a">Absorbed: Pawnee tribune (Pawnee City, Neb. : 1868), Daily Republican (Pawnee City, Neb.), 1894, and Pawnee independent, 1896.</subfield></datafield><datafield ind1=" " ind2=" " tag="580"><subfield code="a">Merged with: Pawnee chief, to form: Pawnee Republican and the Pawnee chief.</subfield></datafield><datafield ind1=" " ind2=" " tag="588"><subfield code="a">Description based on: Vol. 1, no. 16 (Mar. 27, 1873).</subfield></datafield><datafield ind1=" " ind2=" " tag="533"><subfield code="a">Microfilm.</subfield><subfield code="m">1874-1875,1878-1944:[Gaps]</subfield><subfield code="b">Lincoln, Neb. :</subfield><subfield code="c">Nebraska State Historical Society.</subfield><subfield code="e">40 microfilm reels ; 35 mm.</subfield></datafield><datafield ind1=" " ind2="0" tag="651"><subfield code="a">Pawnee City (Neb.)</subfield><subfield code="v">Newspapers.</subfield></datafield><datafield ind1=" " ind2="0" tag="651"><subfield code="a">Pawnee County (Neb.)</subfield><subfield code="v">Newspapers.</subfield></datafield><datafield ind1=" " ind2="7" tag="651"><subfield code="a">Nebraska</subfield><subfield code="z">Pawnee City.</subfield><subfield code="2">fast</subfield><subfield code="0">(OCoLC)fst01276232</subfield></datafield><datafield ind1=" " ind2="7" tag="651"><subfield code="a">Nebraska</subfield><subfield code="z">Pawnee County.</subfield><subfield code="2">fast</subfield><subfield code="0">(OCoLC)fst01211907</subfield></datafield><datafield ind1=" " ind2="7" tag="655"><subfield code="a">Newspapers.</subfield><subfield code="2">fast</subfield><subfield code="0">(OCoLC)fst01423814</subfield></datafield><datafield ind1=" " ind2=" " tag="752"><subfield code="a">United States</subfield><subfield code="b">Nebraska</subfield><subfield code="c">Pawnee</subfield><subfield code="d">Pawnee City.</subfield></datafield><datafield ind1="1" ind2=" " tag="775"><subfield code="t">Daily Republican (Pawnee City, Neb.)</subfield><subfield code="w">(DLC)sn 95070148</subfield></datafield><datafield ind1="1" ind2=" " tag="776"><subfield code="c">Original</subfield><subfield code="w">(DLC)sn 84022742</subfield></datafield><datafield ind1="0" ind2="0" tag="780"><subfield code="t">Pawnee tribune (Pawnee City, Neb. : 1868)</subfield></datafield><datafield ind1="1" ind2="5" tag="780"><subfield code="t">Pawnee tribune (Pawnee City, Neb. : 1876)</subfield></datafield><datafield ind1="1" ind2="5" tag="780"><subfield code="t">Daily Republican (Pawnee City, Neb.)</subfield><subfield code="w">(DLC)sn 95070148</subfield></datafield><datafield ind1="1" ind2="5" tag="780"><subfield code="t">Pawnee independent</subfield><subfield code="w">(DLC)sn 95073365</subfield></datafield><datafield ind1="1" ind2="7" tag="785"><subfield code="t">Pawnee chief</subfield><subfield code="w">(DLC)sn 95070139</subfield></datafield><datafield ind1="1" ind2="7" tag="785"><subfield code="t">Pawnee Republican and the Pawnee chief</subfield><subfield code="w">(DLC)sn 95070144</subfield></datafield><datafield ind1="1" ind2=" " tag="029"><subfield code="a">AU@</subfield><subfield code="b">000025893471</subfield></datafield></record>